@book{RM14,
	author = {Rinaldi Munir},
	title = {Matematika Diskrit Revisi Kelima},
	year = {2014},
	publisher = {Penerbit Informatika}
}
@book{TS18,
	author = {Ted Sundstrom},
	title = {Mathematical Reasoning: Writing and Proof},
	year = {2018},
	publisher = {Grand Valley State University}
}